@book{sipser13,
  added-at = {2014-03-03T20:31:26.000+0100},
  address = {Boston, MA},
  author = {Sipser, Michael},
  biburl = {https://www.bibsonomy.org/bibtex/2a275d239d3a005a2a0825e49ce8dced5/ytyoun},
  edition = {Third},
  interhash = {ba5fd05e9f15a677c2c9e619c57de9a7},
  intrahash = {a275d239d3a005a2a0825e49ce8dced5},
  isbn = {113318779X},
  keywords = {automata complexity computation hamiltonian np-hardness sipser textbook},
  publisher = {Course Technology},
  refid = {814441519},
  timestamp = {2016-12-04T08:23:19.000+0100},
  title = {Introduction to the Theory of Computation},
  year = 2013
}